<?xml version="1.0" encoding="UTF-8"?><collection xmlns="http://www.loc.gov/MARC21/slim"><record><leader>00487nam--2200193-u-4500</leader><controlfield tag="001">000053710</controlfield><controlfield tag="002">20161230</controlfield><controlfield tag="005">20161230201051</controlfield><controlfield tag="008">110531s1000------------r-----000-0-rus-d</controlfield><datafield ind1=" " ind2=" " tag="040"><subfield code="a">IFIN-HH</subfield></datafield><datafield ind1=" " ind2=" " tag="041"><subfield code="a">rus</subfield></datafield><datafield ind1=" " ind2=" " tag="080"><subfield code="a">536.75(075.8)</subfield></datafield><datafield ind1="1" ind2=" " tag="100"><subfield code="a">Harikov, E.I</subfield></datafield><datafield ind1="1" ind2="0" tag="245"><subfield code="a">Fizika jidkih metallov</subfield><subfield code="c">E.i. harikov; v.i. lisov; v.e. fedorov</subfield></datafield><datafield ind1=" " ind2=" " tag="260"><subfield code="a">Kiev</subfield><subfield code="b">Visa Skola</subfield><subfield code="c">1979</subfield></datafield><datafield ind1=" " ind2=" " tag="300"><subfield code="a">247P</subfield></datafield><datafield ind1="1" ind2=" " tag="700"><subfield code="b">Fedorov, V.E</subfield></datafield><datafield ind1=" " ind2=" " tag="852"><subfield code="a">47834</subfield><subfield code="c">536.7</subfield></datafield><datafield ind1=" " ind2=" " tag="CAT"><subfield code="a">Sys</subfield><subfield code="c">20110531</subfield><subfield code="h">151105</subfield></datafield></record></collection>